@misc{fanaee2014event,
  author = {Fanaee-T, Hadi and Gama, Jo√£o},
  title = {Event labeling combining ensemble detectors and background knowledge},
  year = {2014},
  howpublished = {\url{https://archive.ics.uci.edu/ml/datasets/Bike+Sharing+Dataset}},
  note = {UCI Machine Learning Repository}
}

@article{li2015bike,
  title={Bike sharing and weather: impact analysis and operational strategies},
  author={Li, Wenwen and Zhang, Yue and Chen, Cheng},
  journal={Transportation Research Part C: Emerging Technologies},
  volume={86},
  pages={95--108},
  year={2015},
  publisher={Elsevier}
}
